@software{Allaire_Quarto_2024,author = {Allaire, J.J. and Teague, Charles and Scheidegger, Carlos and Xie, Yihui and Dervieux, Christophe},doi = {10.5281/zenodo.5960048},month = feb,title = {{Quarto}},url = {https://github.com/quarto-dev/quarto-cli},version = {1.4},year = {2024}}

@inproceedings{hatami2018,
author = {Nima Hatami and Yann Gavet and Johan Debayle},
title = {{Classification of time-series images using deep convolutional neural networks}},
volume = {10696},
booktitle = {Tenth International Conference on Machine Vision (ICMV 2017)},
editor = {Antanas Verikas and Petia Radeva and Dmitry Nikolaev and Jianhong Zhou},
organization = {International Society for Optics and Photonics},
publisher = {SPIE},
pages = {106960Y},
keywords = {Time-Series Classification, Convolutional Neural Networks, Deep Learning, Recurrence Plot},
year = {2018},
doi = {10.1117/12.2309486},
URL = {https://doi.org/10.1117/12.2309486}
}

@article{mansfield1987diagnostic,
  title={Diagnostic value of residual and partial residual plots},
  author={Mansfield, Edward R and Conerly, Michael D},
  journal={The American Statistician},
  volume={41},
  number={2},
  pages={107--116},
  year={1987},
  publisher={Taylor \& Francis}
}

@book{cook1982residuals,
  title={Residuals and influence in regression},
  author={Cook, R Dennis and Weisberg, Sanford},
  year={1982},
  publisher={New York: Chapman and Hall}
}

@book{gunst1980regression,
  title={Regression analysis and its application: a data-oriented approach},
  author={Gunst, Richard F and Mason, Robert L},
  volume={34},
  year={1980},
  publisher={CRC Press}
}

@article{cleveland1975graphical,
  title={A graphical technique for enhancing scatterplots with moving statistics},
  author={Cleveland, William S and Kleiner, Beat},
  journal={Technometrics},
  volume={17},
  number={4},
  pages={447--454},
  year={1975},
  publisher={Taylor \& Francis}
}

@article{cook1993exploring,
  title={Exploring partial residual plots},
  author={Cook, R Dennis},
  journal={Technometrics},
  volume={35},
  number={4},
  pages={351--362},
  year={1993},
  publisher={Taylor \& Francis}
}

@article{tsai1998examination,
  title={The examination of residual plots},
  author={Tsai, Chih-Ling and Cai, Zongwu and Wu, Xizhi},
  journal={Statistica Sinica},
  pages={445--465},
  year={1998},
  publisher={JSTOR}
}

@book{draper1998applied,
  title={Applied regression analysis},
  author={Draper, Norman R and Smith, Harry},
  volume={326},
  year={1998},
  publisher={John Wiley \& Sons}
}

@article{anscombe1963examination,
  title={The examination and analysis of residuals},
  author={Anscombe, Francis J and Tukey, John W},
  journal={Technometrics},
  volume={5},
  number={2},
  pages={141--160},
  year={1963},
  publisher={Taylor \& Francis}
}

@book{cook1999applied,
  title={Applied regression including computing and graphics},
  author={Cook, R Dennis and Weisberg, Sanford},
  year={1999},
  publisher={John Wiley \& Sons}
}

@book{belsley1980regression,
  title={Regression diagnostics: Identifying influential data and sources of collinearity},
  author={Belsley, David A and Kuh, Edwin and Welsch, Roy E},
  year={1980},
  publisher={John Wiley \& Sons}
}

@book{montgomery1982introduction,
  title={Introduction to linear regression analysis},
  author={Montgomery, Douglas C and Peck, Elizabeth A and Vining, G Geoffrey},
  year={1982},
  publisher={John Wiley \& Sons}
}

@article{white1980heteroskedasticity,
  title={A heteroskedasticity-consistent covariance matrix estimator and a direct test for heteroskedasticity},
  author={White, Halbert},
  journal={Econometrica: Journal of the Econometric Society},
  pages={817--838},
  year={1980},
  publisher={JSTOR}
}



@article{breusch1979simple,
  title={A simple test for heteroscedasticity and random coefficient variation},
  author={Breusch, Trevor S and Pagan, Adrian R},
  journal={Econometrica: Journal of the Econometric Society},
  pages={1287--1294},
  year={1979},
  publisher={JSTOR}
}

@article{ramsey1969tests,
  title={Tests for specification errors in classical linear least-squares regression analysis},
  author={Ramsey, James Bernard},
  journal={Journal of the Royal Statistical Society: Series B (Methodological)},
  volume={31},
  number={2},
  pages={350--371},
  year={1969},
  publisher={Wiley Online Library}
}

@article{cleveland1984graphical,
  title={Graphical perception: Theory, experimentation, and application to the development of graphical methods},
  author={Cleveland, William S and McGill, Robert},
  journal={Journal of the American Statistical Association},
  volume={79},
  number={387},
  pages={531--554},
  year={1984},
  publisher={Taylor \& Francis}
}

@article{roy2015using,
  title={Using visual statistical inference to better understand random class separations in high dimension, low sample size data},
  author={Roy Chowdhury, Niladri and Cook, Dianne and Hofmann, Heike and Majumder, Mahbubul and Lee, Eun-Kyung and Toth, Amy L},
  journal={Computational Statistics},
  volume={30},
  pages={293--316},
  year={2015},
  publisher={Springer},
  DOI={10.1007/s00180-014-0534-x}
}

@inproceedings{buja1999inference,
  title={Inference for data visualization},
  author={Buja, Andreas and Cook, Dianne and Swayne, D},
  booktitle={Joint Statistics Meetings, August},
  year={1999}
}

@article{gelman2004exploratory,
  title={Exploratory data analysis for complex models},
  author={Gelman, Andrew},
  journal={Journal of Computational and Graphical Statistics},
  volume={13},
  number={4},
  pages={755--779},
  year={2004},
  publisher={Taylor \& Francis}
}

@article{gelman2003bayesian,
  title={A Bayesian formulation of exploratory data analysis and goodness-of-fit testing},
  author={Gelman, Andrew},
  journal={International Statistical Review},
  volume={71},
  number={2},
  pages={369--382},
  year={2003},
  publisher={Wiley Online Library}
}

@article{buja2009statistical,
  title={Statistical inference for exploratory data analysis and model diagnostics},
  author={Buja, Andreas and Cook, Dianne and Hofmann, Heike and Lawrence, Michael and Lee, Eun-Kyung and Swayne, Deborah F and Wickham, Hadley},
  journal={Philosophical Transactions of the Royal Society A: Mathematical, Physical and Engineering Sciences},
  volume={367},
  number={1906},
  pages={4361--4383},
  year={2009},
  publisher={The Royal Society Publishing}
}

@article{majumder2013validation,
  title={Validation of visual statistical inference, applied to linear models},
  author={Majumder, Mahbubul and Hofmann, Heike and Cook, Dianne},
  journal={Journal of the American Statistical Association},
  volume={108},
  number={503},
  pages={942--956},
  year={2013},
  publisher={Taylor \& Francis}
}

@article{hofmann2012graphical,
  title={Graphical tests for power comparison of competing designs},
  author={Hofmann, Heike and Follett, Lendie and Majumder, Mahbubul and Cook, Dianne},
  journal={IEEE Transactions on Visualization and Computer Graphics},
  volume={18},
  number={12},
  pages={2441--2448},
  year={2012},
  publisher={IEEE}
}

@article{loy2016variations,
  title={Variations of Q--Q plots: the power of our eyes!},
  author={Loy, Adam and Follett, Lendie and Hofmann, Heike},
  journal={The American Statistician},
  volume={70},
  number={2},
  pages={202--214},
  year={2016},
  publisher={Taylor \& Francis}
}

@article{silvey1959lagrangian,
  title={The Lagrangian multiplier test},
  author={Silvey, Samuel D},
  journal={The Annals of Mathematical Statistics},
  volume={30},
  number={2},
  pages={389--407},
  year={1959},
  publisher={JSTOR}
}

@article{vanderplas2021statistical,
  title={Statistical significance calculations for scenarios in visual inference},
  author={VanderPlas, Susan and R{\"o}ttger, Christian and Cook, Dianne and Hofmann, Heike},
  journal={Stat},
  volume={10},
  number={1},
  pages={e337},
  year={2021},
  publisher={Wiley Online Library}
}

@article{majumder2014human,
  title={Human factors influencing visual statistical inference},
  author={Majumder, Mahbubul and Hofmann, Heike and Cook, Dianne},
  journal={arXiv preprint arXiv:1408.1974},
  year={2014}
}

@article{loy2013diagnostic,
  title={Diagnostic tools for hierarchical linear models},
  author={Loy, Adam and Hofmann, Heike},
  journal={Wiley Interdisciplinary Reviews: Computational Statistics},
  volume={5},
  number={1},
  pages={48--61},
  year={2013},
  publisher={Wiley Online Library}
}

@article{box1976science,
  title={Science and statistics},
  author={Box, George EP},
  journal={Journal of the American Statistical Association},
  volume={71},
  number={356},
  pages={791--799},
  year={1976},
  publisher={Taylor \& Francis}
}

@article{shapiro1965analysis,
  title={An analysis of variance test for normality (complete samples)},
  author={Shapiro, Samuel Sanford and Wilk, Martin B},
  journal={Biometrika},
  volume={52},
  number={3/4},
  pages={591--611},
  year={1965},
  publisher={JSTOR}
}

@article{jarque1980efficient,
  title={Efficient tests for normality, homoscedasticity and serial independence of regression residuals},
  author={Jarque, Carlos M and Bera, Anil K},
  journal={Economics Letters},
  volume={6},
  number={3},
  pages={255--259},
  year={1980},
  publisher={Elsevier}
}

@article{loy2015you,
  title={Are you normal? The problem of confounded residual structures in hierarchical linear models},
  author={Loy, Adam and Hofmann, Heike},
  journal={Journal of Computational and Graphical Statistics},
  volume={24},
  number={4},
  pages={1191--1209},
  year={2015},
  publisher={Taylor \& Francis}
}

@article{loy2014hlmdiag,
  title={HLMdiag: A suite of diagnostics for hierarchical linear models in R},
  author={Loy, Adam and Hofmann, Heike},
  journal={Journal of Statistical Software},
  volume={56},
  pages={1--28},
  year={2014}
}

@article{palan2018prolific,
  title={Prolific. acâ€”A subject pool for online experiments},
  author={Palan, Stefan and Schitter, Christian},
  journal={Journal of Behavioral and Experimental Finance},
  volume={17},
  pages={22--27},
  year={2018},
  publisher={Elsevier}
}

@book{abramowitz1964handbook,
  title={Handbook of mathematical functions with formulas, graphs, and mathematical tables},
  author={Abramowitz, Milton and Stegun, Irene A},
  volume={55},
  year={1964},
  publisher={US Government Printing Office}
}

@book{de1820theorie,
  title={Th{\'e}orie analytique des probabilit{\'e}s},
  author={Laplace, Pierre-Simon},
  volume={7},
  year={1820},
  publisher={Courcier}
}

@book{hermite1864nouveau,
  title={Sur un nouveau d{\'e}veloppement en s{\'e}rie des fonctions},
  author={Hermite, M},
  year={1864},
  publisher={Imprimerie de Gauthier-Villars}
}

@Article{mpoly,
  author = {David Kahle},
  title = {mpoly: Multivariate Polynomials in {R}},
  journal = {The R Journal},
  year = {2013},
  volume = {5},
  number = {1},
  pages = {162--170}
}

@Article{lmtest,
  title = {Diagnostic checking in regression relationships},
  author = {Achim Zeileis and Torsten Hothorn},
  journal = {R News},
  year = {2002},
  volume = {2},
  number = {3},
  pages = {7--10}
}

@Manual{skedastic,
  title = {skedastic: Heteroskedasticity diagnostics for linear
    regression models},
  author = {Thomas J. Farrar},
  institution = {University of the Western Cape},
  address = {Bellville, South Africa},
  year = {2020},
  note = {R Package Version 1.0.0}
}

@article{waldman1983note,
  title={A note on algebraic equivalence of White's test and a variation of the Godfrey/Breusch-Pagan test for heteroscedasticity},
  author={Waldman, Donald M},
  journal={Economics Letters},
  volume={13},
  number={2-3},
  pages={197--200},
  year={1983},
  publisher={Elsevier}
}


@article{kullback1951information,
  title={On information and sufficiency},
  author={Kullback, Solomon and Leibler, Richard A},
  journal={The Annals of Mathematical Statistics},
  volume={22},
  number={1},
  pages={79--86},
  year={1951},
  publisher={JSTOR}
}

@Manual{cli,
  title = {cli: Helpers for developing command line interfaces},
  author = {GÃ¡bor CsÃ¡rdi},
  year = {2022},
  note = {R package version 3.4.1},
  url = {https://CRAN.R-project.org/package=cli},
}

@Manual{curl,
  title = {curl: A modern and flexible web client for R},
  author = {Jeroen Ooms},
  year = {2022},
  note = {R package version 4.3.3},
  url = {https://CRAN.R-project.org/package=curl},
}

@Manual{dplyr,
  title = {dplyr: A grammar of data manipulation},
  author = {Hadley Wickham and Romain FranÃ§ois and Lionel Henry and Kirill MÃ¼ller and Davis Vaughan},
  year = {2023},
  note = {R package version 1.1.0},
  url = {https://CRAN.R-project.org/package=dplyr},
}

@Book{ggplot2,
  author = {Hadley Wickham},
  title = {ggplot2: Elegant graphics for data analysis},
  publisher = {Springer-Verlag New York},
  year = {2016},
  isbn = {978-3-319-24277-4},
  url = {https://ggplot2.tidyverse.org},
}

@Article{jsonlite,
  title = {The jsonlite Package: A practical and consistent mapping between JSON data and R objects},
  author = {Jeroen Ooms},
  journal = {arXiv:1403.2805 [stat.CO]},
  year = {2014},
  url = {https://arxiv.org/abs/1403.2805},
}

@Manual{progress,
  title = {progress: Terminal progress bars},
  author = {GÃ¡bor CsÃ¡rdi and Rich FitzJohn},
  year = {2019},
  note = {R package version 1.2.2},
  url = {https://CRAN.R-project.org/package=progress},
}

@Manual{tibble,
  title = {tibble: Simple data frames},
  author = {Kirill MÃ¼ller and Hadley Wickham},
  year = {2022},
  note = {R package version 3.1.8},
  url = {https://CRAN.R-project.org/package=tibble},
}

@Manual{ggmosaic,
  title = {ggmosaic: Mosaic plots in the 'ggplot2' framework},
  author = {Haley Jeppson and Heike Hofmann and Di Cook},
  year = {2021},
  note = {R package version 0.3.3},
  url = {https://CRAN.R-project.org/package=ggmosaic},
}

@Manual{purrr,
  title = {purrr: Functional programming tools},
  author = {Lionel Henry and Hadley Wickham},
  year = {2022},
  note = {R package version 0.3.5},
  url = {https://CRAN.R-project.org/package=purrr},
}

@Manual{tidyr,
  title = {tidyr: Tidy messy data},
  author = {Hadley Wickham and Maximilian Girlich},
  year = {2022},
  note = {R package version 1.2.1},
  url = {https://CRAN.R-project.org/package=tidyr},
}

@Manual{readr,
  title = {readr: Read rectangular text data},
  author = {Hadley Wickham and Jim Hester and Jennifer Bryan},
  year = {2022},
  note = {R package version 2.1.3},
  url = {https://CRAN.R-project.org/package=readr},
}

@Manual{stringr,
  title = {stringr: Simple, consistent wrappers for common string operations},
  author = {Hadley Wickham},
  year = {2022},
  note = {R package version 1.4.1},
  url = {https://CRAN.R-project.org/package=stringr},
}

@Manual{here,
  title = {here: A simpler way to find your files},
  author = {Kirill MÃ¼ller},
  year = {2020},
  note = {R package version 1.0.1},
  url = {https://CRAN.R-project.org/package=here},
}

@Manual{kableextra,
  title = {kableExtra: Construct complex table with kable and pipe syntax},
  author = {Hao Zhu},
  year = {2021},
  note = {R package version 1.3.4},
  url = {https://CRAN.R-project.org/package=kableExtra},
}

@Manual{patchwork,
  title = {patchwork: The composer of plots},
  author = {Thomas Lin Pedersen},
  year = {2022},
  note = {R package version 1.1.2},
  url = {https://CRAN.R-project.org/package=patchwork},
}

@Manual{rcartocolor,
  author = {Jakub Nowosad},
  title = {'CARTOColors' palettes},
  year = {2018},
  note = {R package version 1.0},
  url = {https://nowosad.github.io/rcartocolor},
}

@misc{pythonanywhere,
  title={PythonAnywhere},
  author={{PythonAnywhere LLP}},
  url = {https://www.pythonanywhere.com},
  year = {2023}
}

@book{flask,
  title={Flask web development: Developing web applications with Python},
  author={Grinberg, Miguel},
  year={2018},
  publisher={" O'Reilly Media, Inc."}
}

@article{jspsych,
  title={jsPsych: A JavaScript library for creating behavioral experiments in a web browser},
  author={De Leeuw, Joshua R},
  journal={Behavior Research Methods},
  volume={47},
  pages={1--12},
  year={2015},
  publisher={Springer}
}

@Manual{rticles,
  title = {rticles: Article formats for R Markdown},
  author = {JJ Allaire and Yihui Xie and Christophe Dervieux and {R Foundation} and Hadley Wickham and {Journal of Statistical Software} and Ramnath  Vaidyanathan and {Association for Computing Machinery} and Carl Boettiger and {Elsevier} and Karl Broman and Kirill Mueller and Bastiaan Quast and Randall  Pruim and Ben Marwick and Charlotte Wickham and Oliver Keyes and Miao Yu and Daniel Emaasit and Thierry Onkelinx and Alessandro Gasparini and Marc-Andre Desautels and Dominik Leutnant and {MDPI} and {Taylor and Francis} and OÄŸuzhan Ã–ÄŸreden and Dalton Hance and Daniel NÃ¼st and Petter Uvesten and Elio Campitelli and John Muschelli and Alex Hayes and Zhian N. Kamvar and Noam Ross and Robrecht Cannoodt and Duncan Luguern and David M. Kaplan and Sebastian Kreutzer and Shixiang Wang and Jay Hesselberth and Rob Hyndman},
  year = {2022},
  note = {R package version 0.24},
  url = {https://CRAN.R-project.org/package=rticles},
}

@InCollection{knitr,
  booktitle = {Implementing reproducible computational research},
  editor = {Victoria Stodden and Friedrich Leisch and Roger D. Peng},
  title = {knitr: A comprehensive tool for reproducible research in {R}},
  author = {Yihui Xie},
  publisher = {Chapman and Hall/CRC},
  year = {2014},
  note = {ISBN 978-1466561595},
  url = {http://www.crcpress.com/product/isbn/9781466561595},
}

@Book{rmarkdown,
  title = {R Markdown cookbook},
  author = {Yihui Xie and Christophe Dervieux and Emily Riederer},
  publisher = {Chapman and Hall/CRC},
  address = {Boca Raton, Florida},
  year = {2020},
  note = {ISBN 9780367563837},
  url = {https://bookdown.org/yihui/rmarkdown-cookbook},
}

@article{jamshidian2007study,
  title={A study of partial F tests for multiple linear regression models},
  author={Jamshidian, Mortaza and Jennrich, Robert I and Liu, Wei},
  journal={Computational Statistics \& Data Analysis},
  volume={51},
  number={12},
  pages={6269--6284},
  year={2007},
  publisher={Elsevier}
}

@article{loy2021bringing,
  title={Bringing visual inference to the classroom},
  author={Loy, Adam},
  journal={Journal of Statistics and Data Science Education},
  volume={29},
  number={2},
  pages={171--182},
  year={2021},
  publisher={Taylor \& Francis}
}

@article{hofmann2017value,
  title={value plots: Boxplots for large data},
  author={Hofmann, Heike and Wickham, Hadley and Kafadar, Karen},
  journal={Journal of Computational and Graphical Statistics},
  volume={26},
  number={3},
  pages={469--477},
  year={2017},
  publisher={Taylor \& Francis}
}

@article{olvera2019relationship,
  title={The relationship between statistical power and predictor distribution in multilevel logistic regression: a simulation-based approach},
  author={Olvera Astivia, Oscar L and Gadermann, Anne and Guhn, Martin},
  journal={BMC Medical Research Methodology},
  volume={19},
  number={1},
  pages={1--20},
  year={2019},
  publisher={BioMed Central}
}

@book{zhang2018practical,
  title={Practical statistical power analysis using Webpower and R},
  author={Zhang, Zhiyong and Yuan, Ke-Hai},
  year={2018},
  publisher={Isdsa Press}
}

@article{frisch1933partial,
  title={Partial time regressions as compared with individual trends},
  author={Frisch, Ragnar and Waugh, Frederick V},
  journal={Econometrica: Journal of the Econometric Society},
  pages={387--401},
  year={1933},
  publisher={JSTOR}
}

@article{kirk1996practical,
  title={Practical significance: A concept whose time has come},
  author={Kirk, Roger E},
  journal={Educational and psychological measurement},
  volume={56},
  number={5},
  pages={746--759},
  year={1996},
  publisher={Sage Publications Sage CA: Thousand Oaks, CA}
}

@book{kahneman2011thinking,
  title={Thinking, fast and slow},
  author={Kahneman, Daniel},
  year={2011},
  publisher={Farrar, Straus and Giroux},
  isbn={978-0-374-27563-1}
}

@article{kimball1957errors,
  title={Errors of the third kind in statistical consulting},
  author={Kimball, AW},
  journal={Journal of the American Statistical Association},
  volume={52},
  number={278},
  pages={133--142},
  year={1957},
  publisher={Taylor \& Francis}
}

@article{bujastatistical2009,
	title = {Statistical inference for exploratory data analysis and model diagnostics},
	volume = {367},
	doi = {10.1098/rsta.2009.0120},
	number = {1906},
	journal = {Philosophical Transactions of the Royal Society A: Mathematical, Physical and Engineering Sciences},
	author = {Buja, Andreas and Cook, Dianne and Hofmann, Heike and Lawrence, Michael and Lee, Eun-Kyung and Swayne, Deborah F. and Wickham, Hadley},
	year = {2009},
	pages = {4361--4383}
}

@article{majumdervalidation2013,
	title = {Validation of visual statistical inference, applied to linear models},
	volume = {108},
	issn = {0162-1459},
	doi = {10.1080/01621459.2013.808157},
	number = {503},
	journal = {Journal of the American Statistical Association},
	author = {Majumder, Mahbubul and Hofmann, Heike and Cook, Dianne},
	year = {2013},
	pages = {942--956}
}

@article{RNAseq2013,
  author={Tengfei Yin and Mahbubul Majumder and Niladri {Roy Chowdhury} and Dianne Cook and Randy Shoemaker and Michelle Graham},
  year=2013,
  title={Visual Mining Methods for RNA-Seq Data: Data Structure, Dispersion Estimation and Significance Testing},
  journal={Journal of Data Mining in Genomics and Proteomics},
  volume=4,
  number=139,
  DOI={10.4172/2153-0602.1000139}
}

@ARTICLE{VanderPlas2015,
  author={VanderPlas, Susan and Hofmann, Heike},
  journal={IEEE Transactions on Visualization and Computer Graphics},
  title={Spatial Reasoning and Data Displays},
  year={2016},
  volume={22},
  number={1},
  pages={459-468},
  doi={10.1109/TVCG.2015.2469125}
}

@ARTICLE{wickham2010,
  author={Wickham, Hadley and Cook, Dianne and Hofmann, Heike and Buja, Andreas},
  journal={IEEE Transactions on Visualization and Computer Graphics},
  title={Graphical inference for infovis},
  year={2010},
  volume={16},
  number={6},
  pages={973-979},
  doi={10.1109/TVCG.2010.161}
}


@article{roychowdhuryUsingVisualStatistical2015a,
  title = {Using Visual Statistical Inference to Better Understand Random Class Separations in High Dimension, Low Sample Size Data},
  author = {Roy Chowdhury, Niladri and Cook, Dianne and Hofmann, Heike and Majumder, Mahbubul and Lee, Eun-Kyung and Toth, Amy L.},
  year = {2015},
  month = jun,
  journal = {Computational Statistics},
  volume = {30},
  number = {2},
  pages = {293--316},
  issn = {0943-4062, 1613-9658},
  doi = {10.1007/s00180-014-0534-x},
  urldate = {2023-09-18},
  abstract = {Statistical graphics play an important role in exploratory data analysis, model checking and diagnosis. With high dimensional data, this often means plotting low-dimensional projections, for example, in classification tasks projection pursuit is used to find low-dimensional projections that reveal differences between labelled groups. In many contemporary data sets the number of observations is relatively small compared to the number of variables, which is known as a high dimension low sample size (HDLSS) problem. This paper explores the use of visual inference on understanding low-dimensional pictures of HDLSS data. Visual inference helps to quantify the significance of findings made from graphics. This approach may be helpful to broaden the understanding of issues related to HDLSS data in the data analysis community.},
  langid = {english}
}


@article{mahbubulmajumderVisualMiningMethods2013,
  title = {Visual {{Mining Methods}} for {{RNA-Seq Data}}: {{Data Structure}}, {{Dispersion Estimation}} and {{Significance Testing}}},
  shorttitle = {Visual {{Mining Methods}} for {{RNA-Seq Data}}},
  author = {Mahbubul Majumder, Tengfei Yin},
  year = {2013},
  journal = {Journal of Data Mining in Genomics \& Proteomics},
  volume = {04},
  number = {04},
  issn = {21530602},
  doi = {10.4172/2153-0602.1000139},
  urldate = {2023-09-18},
  abstract = {In an analysis of RNA-Seq data from soybeans, initial significance testing using one software package produced very different gene lists from those yielded by another. How can this happen? This paper demonstrates how the disparities between the results were investigated, and can be explained. This type of contradiction can occur more generally in high-throughput analyses. To explore the model fitting and hypothesis testing, we implemented an interactive graphic that allows the exploration of the effect of dispersion estimation on the overall estimation of variance and differential expression tests. In addition, we propose a new procedure to test for the presence of any structure in biological data.},
  langid = {english},
  keywords = {visual inference}
}



@Article{tidyverse,
    title = {Welcome to the {tidyverse}},
    author = {Hadley Wickham and Mara Averick and Jennifer Bryan and Winston Chang and Lucy D'Agostino McGowan and Romain FranÃ§ois and Garrett Grolemund and Alex Hayes and Lionel Henry and Jim Hester and Max Kuhn and Thomas Lin Pedersen and Evan Miller and Stephan Milton Bache and Kirill MÃ¼ller and Jeroen Ooms and David Robinson and Dana Paige Seidel and Vitalie Spinu and Kohske Takahashi and Davis Vaughan and Claus Wilke and Kara Woo and Hiroaki Yutani},
    year = {2019},
    journal = {Journal of Open Source Software},
    volume = {4},
    number = {43},
    pages = {1686},
    doi = {10.21105/joss.01686},
  }

@article{mansfield1987diagnostic,
  title={Diagnostic value of residual and partial residual plots},
  author={Mansfield, Edward R and Conerly, Michael D},
  journal={The American Statistician},
  volume={41},
  number={2},
  pages={107--116},
  year={1987},
  publisher={Taylor \& Francis}
}

@book{cook1982residuals,
  title={Residuals and influence in regression},
  author={Cook, R Dennis and Weisberg, Sanford},
  year={1982},
  publisher={New York: Chapman and Hall}
}

@book{gunst1980regression,
  title={Regression analysis and its application: a data-oriented approach},
  author={Gunst, Richard F and Mason, Robert L},
  volume={34},
  year={1980},
  publisher={CRC Press}
}

@article{cleveland1975graphical,
  title={A graphical technique for enhancing scatterplots with moving statistics},
  author={Cleveland, William S and Kleiner, Beat},
  journal={Technometrics},
  volume={17},
  number={4},
  pages={447--454},
  year={1975},
  publisher={Taylor \& Francis}
}

@article{cook1993exploring,
  title={Exploring partial residual plots},
  author={Cook, R Dennis},
  journal={Technometrics},
  volume={35},
  number={4},
  pages={351--362},
  year={1993},
  publisher={Taylor \& Francis}
}

@article{tsai1998examination,
  title={The examination of residual plots},
  author={Tsai, Chih-Ling and Cai, Zongwu and Wu, Xizhi},
  journal={Statistica Sinica},
  pages={445--465},
  year={1998},
  publisher={JSTOR}
}

@book{draper1998applied,
  title={Applied regression analysis},
  author={Draper, Norman R and Smith, Harry},
  volume={326},
  year={1998},
  publisher={John Wiley \& Sons}
}

@article{anscombe1963examination,
  title={The examination and analysis of residuals},
  author={Anscombe, Francis J and Tukey, John W},
  journal={Technometrics},
  volume={5},
  number={2},
  pages={141--160},
  year={1963},
  publisher={Taylor \& Francis}
}

@book{cook1999applied,
  title={Applied regression including computing and graphics},
  author={Cook, R Dennis and Weisberg, Sanford},
  year={1999},
  publisher={John Wiley \& Sons}
}

@book{belsley1980regression,
  title={Regression diagnostics: Identifying influential data and sources of collinearity},
  author={Belsley, David A and Kuh, Edwin and Welsch, Roy E},
  year={1980},
  publisher={John Wiley \& Sons}
}

@book{montgomery1982introduction,
  title={Introduction to linear regression analysis},
  author={Montgomery, Douglas C and Peck, Elizabeth A and Vining, G Geoffrey},
  year={1982},
  publisher={John Wiley \& Sons}
}

@article{white1980heteroskedasticity,
  title={A heteroskedasticity-consistent covariance matrix estimator and a direct test for heteroskedasticity},
  author={White, Halbert},
  journal={Econometrica: Journal of the Econometric Society},
  pages={817--838},
  year={1980},
  publisher={JSTOR}
}



@article{breusch1979simple,
  title={A simple test for heteroscedasticity and random coefficient variation},
  author={Breusch, Trevor S and Pagan, Adrian R},
  journal={Econometrica: Journal of the Econometric Society},
  pages={1287--1294},
  year={1979},
  publisher={JSTOR}
}

@article{ramsey1969tests,
  title={Tests for specification errors in classical linear least-squares regression analysis},
  author={Ramsey, James Bernard},
  journal={Journal of the Royal Statistical Society: Series B (Methodological)},
  volume={31},
  number={2},
  pages={350--371},
  year={1969},
  publisher={Wiley Online Library}
}

@article{cleveland1984graphical,
  title={Graphical perception: Theory, experimentation, and application to the development of graphical methods},
  author={Cleveland, William S and McGill, Robert},
  journal={Journal of the American Statistical Association},
  volume={79},
  number={387},
  pages={531--554},
  year={1984},
  publisher={Taylor \& Francis}
}

@article{roy2015using,
  title={Using visual statistical inference to better understand random class separations in high dimension, low sample size data},
  author={Roy Chowdhury, Niladri and Cook, Dianne and Hofmann, Heike and Majumder, Mahbubul and Lee, Eun-Kyung and Toth, Amy L},
  journal={Computational Statistics},
  volume={30},
  pages={293--316},
  year={2015},
  publisher={Springer},
  DOI={10.1007/s00180-014-0534-x}
}

@inproceedings{buja1999inference,
  title={Inference for data visualization},
  author={Buja, Andreas and Cook, Dianne and Swayne, D},
  booktitle={Joint Statistics Meetings, August},
  year={1999}
}

@article{gelman2004exploratory,
  title={Exploratory data analysis for complex models},
  author={Gelman, Andrew},
  journal={Journal of Computational and Graphical Statistics},
  volume={13},
  number={4},
  pages={755--779},
  year={2004},
  publisher={Taylor \& Francis}
}

@article{gelman2003bayesian,
  title={A Bayesian formulation of exploratory data analysis and goodness-of-fit testing},
  author={Gelman, Andrew},
  journal={International Statistical Review},
  volume={71},
  number={2},
  pages={369--382},
  year={2003},
  publisher={Wiley Online Library}
}

@article{buja2009statistical,
  title={Statistical inference for exploratory data analysis and model diagnostics},
  author={Buja, Andreas and Cook, Dianne and Hofmann, Heike and Lawrence, Michael and Lee, Eun-Kyung and Swayne, Deborah F and Wickham, Hadley},
  journal={Philosophical Transactions of the Royal Society A: Mathematical, Physical and Engineering Sciences},
  volume={367},
  number={1906},
  pages={4361--4383},
  year={2009},
  publisher={The Royal Society Publishing}
}

@article{majumder2013validation,
  title={Validation of visual statistical inference, applied to linear models},
  author={Majumder, Mahbubul and Hofmann, Heike and Cook, Dianne},
  journal={Journal of the American Statistical Association},
  volume={108},
  number={503},
  pages={942--956},
  year={2013},
  publisher={Taylor \& Francis}
}

@article{hofmann2012graphical,
  title={Graphical tests for power comparison of competing designs},
  author={Hofmann, Heike and Follett, Lendie and Majumder, Mahbubul and Cook, Dianne},
  journal={IEEE Transactions on Visualization and Computer Graphics},
  volume={18},
  number={12},
  pages={2441--2448},
  year={2012},
  publisher={IEEE}
}

@article{loy2016variations,
  title={Variations of Q--Q plots: the power of our eyes!},
  author={Loy, Adam and Follett, Lendie and Hofmann, Heike},
  journal={The American Statistician},
  volume={70},
  number={2},
  pages={202--214},
  year={2016},
  publisher={Taylor \& Francis}
}

@article{silvey1959lagrangian,
  title={The Lagrangian multiplier test},
  author={Silvey, Samuel D},
  journal={The Annals of Mathematical Statistics},
  volume={30},
  number={2},
  pages={389--407},
  year={1959},
  publisher={JSTOR}
}

@article{vanderplas2021statistical,
  title={Statistical significance calculations for scenarios in visual inference},
  author={VanderPlas, Susan and R{\"o}ttger, Christian and Cook, Dianne and Hofmann, Heike},
  journal={Stat},
  volume={10},
  number={1},
  pages={e337},
  year={2021},
  publisher={Wiley Online Library}
}

@article{majumder2014human,
  title={Human factors influencing visual statistical inference},
  author={Majumder, Mahbubul and Hofmann, Heike and Cook, Dianne},
  journal={arXiv preprint arXiv:1408.1974},
  year={2014}
}

@article{loy2013diagnostic,
  title={Diagnostic tools for hierarchical linear models},
  author={Loy, Adam and Hofmann, Heike},
  journal={Wiley Interdisciplinary Reviews: Computational Statistics},
  volume={5},
  number={1},
  pages={48--61},
  year={2013},
  publisher={Wiley Online Library}
}

@article{box1976science,
  title={Science and statistics},
  author={Box, George EP},
  journal={Journal of the American Statistical Association},
  volume={71},
  number={356},
  pages={791--799},
  year={1976},
  publisher={Taylor \& Francis}
}

@article{shapiro1965analysis,
  title={An analysis of variance test for normality (complete samples)},
  author={Shapiro, Samuel Sanford and Wilk, Martin B},
  journal={Biometrika},
  volume={52},
  number={3/4},
  pages={591--611},
  year={1965},
  publisher={JSTOR}
}

@article{jarque1980efficient,
  title={Efficient tests for normality, homoscedasticity and serial independence of regression residuals},
  author={Jarque, Carlos M and Bera, Anil K},
  journal={Economics Letters},
  volume={6},
  number={3},
  pages={255--259},
  year={1980},
  publisher={Elsevier}
}

@article{loy2015you,
  title={Are you normal? The problem of confounded residual structures in hierarchical linear models},
  author={Loy, Adam and Hofmann, Heike},
  journal={Journal of Computational and Graphical Statistics},
  volume={24},
  number={4},
  pages={1191--1209},
  year={2015},
  publisher={Taylor \& Francis}
}

@article{loy2014hlmdiag,
  title={HLMdiag: A suite of diagnostics for hierarchical linear models in R},
  author={Loy, Adam and Hofmann, Heike},
  journal={Journal of Statistical Software},
  volume={56},
  pages={1--28},
  year={2014}
}

@article{palan2018prolific,
  title={Prolific. acâ€”A subject pool for online experiments},
  author={Palan, Stefan and Schitter, Christian},
  journal={Journal of Behavioral and Experimental Finance},
  volume={17},
  pages={22--27},
  year={2018},
  publisher={Elsevier}
}

@book{abramowitz1964handbook,
  title={Handbook of mathematical functions with formulas, graphs, and mathematical tables},
  author={Abramowitz, Milton and Stegun, Irene A},
  volume={55},
  year={1964},
  publisher={US Government Printing Office}
}

@book{de1820theorie,
  title={Th{\'e}orie analytique des probabilit{\'e}s},
  author={Laplace, Pierre-Simon},
  volume={7},
  year={1820},
  publisher={Courcier}
}

@book{hermite1864nouveau,
  title={Sur un nouveau d{\'e}veloppement en s{\'e}rie des fonctions},
  author={Hermite, M},
  year={1864},
  publisher={Imprimerie de Gauthier-Villars}
}

@Article{mpoly,
  author = {David Kahle},
  title = {mpoly: Multivariate Polynomials in {R}},
  journal = {The R Journal},
  year = {2013},
  volume = {5},
  number = {1},
  pages = {162--170}
}

@Article{lmtest,
  title = {Diagnostic checking in regression relationships},
  author = {Achim Zeileis and Torsten Hothorn},
  journal = {R News},
  year = {2002},
  volume = {2},
  number = {3},
  pages = {7--10}
}

@Manual{skedastic,
  title = {skedastic: Heteroskedasticity diagnostics for linear
    regression models},
  author = {Thomas J. Farrar},
  institution = {University of the Western Cape},
  address = {Bellville, South Africa},
  year = {2020},
  note = {R Package Version 1.0.0}
}

@article{waldman1983note,
  title={A note on algebraic equivalence of White's test and a variation of the Godfrey/Breusch-Pagan test for heteroscedasticity},
  author={Waldman, Donald M},
  journal={Economics Letters},
  volume={13},
  number={2-3},
  pages={197--200},
  year={1983},
  publisher={Elsevier}
}


@article{kullback1951information,
  title={On information and sufficiency},
  author={Kullback, Solomon and Leibler, Richard A},
  journal={The Annals of Mathematical Statistics},
  volume={22},
  number={1},
  pages={79--86},
  year={1951},
  publisher={JSTOR}
}

@Manual{cli,
  title = {cli: Helpers for developing command line interfaces},
  author = {GÃ¡bor CsÃ¡rdi},
  year = {2022},
  note = {R package version 3.4.1},
  url = {https://CRAN.R-project.org/package=cli},
}

@Manual{curl,
  title = {curl: A modern and flexible web client for R},
  author = {Jeroen Ooms},
  year = {2022},
  note = {R package version 4.3.3},
  url = {https://CRAN.R-project.org/package=curl},
}

@Manual{dplyr,
  title = {dplyr: A grammar of data manipulation},
  author = {Hadley Wickham and Romain FranÃ§ois and Lionel Henry and Kirill MÃ¼ller and Davis Vaughan},
  year = {2023},
  note = {R package version 1.1.0},
  url = {https://CRAN.R-project.org/package=dplyr},
}

@Book{ggplot2,
  author = {Hadley Wickham},
  title = {ggplot2: Elegant graphics for data analysis},
  publisher = {Springer-Verlag New York},
  year = {2016},
  isbn = {978-3-319-24277-4},
  url = {https://ggplot2.tidyverse.org},
}

@Article{jsonlite,
  title = {The jsonlite Package: A practical and consistent mapping between JSON data and R objects},
  author = {Jeroen Ooms},
  journal = {arXiv:1403.2805 [stat.CO]},
  year = {2014},
  url = {https://arxiv.org/abs/1403.2805},
}

@Manual{progress,
  title = {progress: Terminal progress bars},
  author = {GÃ¡bor CsÃ¡rdi and Rich FitzJohn},
  year = {2019},
  note = {R package version 1.2.2},
  url = {https://CRAN.R-project.org/package=progress},
}

@Manual{tibble,
  title = {tibble: Simple data frames},
  author = {Kirill MÃ¼ller and Hadley Wickham},
  year = {2022},
  note = {R package version 3.1.8},
  url = {https://CRAN.R-project.org/package=tibble},
}

@Manual{ggmosaic,
  title = {ggmosaic: Mosaic plots in the 'ggplot2' framework},
  author = {Haley Jeppson and Heike Hofmann and Di Cook},
  year = {2021},
  note = {R package version 0.3.3},
  url = {https://CRAN.R-project.org/package=ggmosaic},
}

@Manual{purrr,
  title = {purrr: Functional programming tools},
  author = {Lionel Henry and Hadley Wickham},
  year = {2022},
  note = {R package version 0.3.5},
  url = {https://CRAN.R-project.org/package=purrr},
}

@Manual{tidyr,
  title = {tidyr: Tidy messy data},
  author = {Hadley Wickham and Maximilian Girlich},
  year = {2022},
  note = {R package version 1.2.1},
  url = {https://CRAN.R-project.org/package=tidyr},
}

@Manual{readr,
  title = {readr: Read rectangular text data},
  author = {Hadley Wickham and Jim Hester and Jennifer Bryan},
  year = {2022},
  note = {R package version 2.1.3},
  url = {https://CRAN.R-project.org/package=readr},
}

@Manual{stringr,
  title = {stringr: Simple, consistent wrappers for common string operations},
  author = {Hadley Wickham},
  year = {2022},
  note = {R package version 1.4.1},
  url = {https://CRAN.R-project.org/package=stringr},
}

@Manual{here,
  title = {here: A simpler way to find your files},
  author = {Kirill MÃ¼ller},
  year = {2020},
  note = {R package version 1.0.1},
  url = {https://CRAN.R-project.org/package=here},
}

@Manual{kableextra,
  title = {kableExtra: Construct complex table with kable and pipe syntax},
  author = {Hao Zhu},
  year = {2021},
  note = {R package version 1.3.4},
  url = {https://CRAN.R-project.org/package=kableExtra},
}

@Manual{patchwork,
  title = {patchwork: The composer of plots},
  author = {Thomas Lin Pedersen},
  year = {2022},
  note = {R package version 1.1.2},
  url = {https://CRAN.R-project.org/package=patchwork},
}

@Manual{rcartocolor,
  author = {Jakub Nowosad},
  title = {'CARTOColors' palettes},
  year = {2018},
  note = {R package version 1.0},
  url = {https://nowosad.github.io/rcartocolor},
}

@misc{pythonanywhere,
  title={PythonAnywhere},
  author={{PythonAnywhere LLP}},
  url = {https://www.pythonanywhere.com},
  year = {2023}
}

@book{flask,
  title={Flask web development: Developing web applications with Python},
  author={Grinberg, Miguel},
  year={2018},
  publisher={" O'Reilly Media, Inc."}
}

@article{jspsych,
  title={jsPsych: A JavaScript library for creating behavioral experiments in a web browser},
  author={De Leeuw, Joshua R},
  journal={Behavior Research Methods},
  volume={47},
  pages={1--12},
  year={2015},
  publisher={Springer}
}

@Manual{rticles,
  title = {rticles: Article formats for R Markdown},
  author = {JJ Allaire and Yihui Xie and Christophe Dervieux and {R Foundation} and Hadley Wickham and {Journal of Statistical Software} and Ramnath  Vaidyanathan and {Association for Computing Machinery} and Carl Boettiger and {Elsevier} and Karl Broman and Kirill Mueller and Bastiaan Quast and Randall  Pruim and Ben Marwick and Charlotte Wickham and Oliver Keyes and Miao Yu and Daniel Emaasit and Thierry Onkelinx and Alessandro Gasparini and Marc-Andre Desautels and Dominik Leutnant and {MDPI} and {Taylor and Francis} and OÄŸuzhan Ã–ÄŸreden and Dalton Hance and Daniel NÃ¼st and Petter Uvesten and Elio Campitelli and John Muschelli and Alex Hayes and Zhian N. Kamvar and Noam Ross and Robrecht Cannoodt and Duncan Luguern and David M. Kaplan and Sebastian Kreutzer and Shixiang Wang and Jay Hesselberth and Rob Hyndman},
  year = {2022},
  note = {R package version 0.24},
  url = {https://CRAN.R-project.org/package=rticles},
}

@InCollection{knitr,
  booktitle = {Implementing reproducible computational research},
  editor = {Victoria Stodden and Friedrich Leisch and Roger D. Peng},
  title = {knitr: A comprehensive tool for reproducible research in {R}},
  author = {Yihui Xie},
  publisher = {Chapman and Hall/CRC},
  year = {2014},
  note = {ISBN 978-1466561595},
  url = {http://www.crcpress.com/product/isbn/9781466561595},
}

@Book{rmarkdown,
  title = {R Markdown cookbook},
  author = {Yihui Xie and Christophe Dervieux and Emily Riederer},
  publisher = {Chapman and Hall/CRC},
  address = {Boca Raton, Florida},
  year = {2020},
  note = {ISBN 9780367563837},
  url = {https://bookdown.org/yihui/rmarkdown-cookbook},
}

@article{jamshidian2007study,
  title={A study of partial F tests for multiple linear regression models},
  author={Jamshidian, Mortaza and Jennrich, Robert I and Liu, Wei},
  journal={Computational Statistics \& Data Analysis},
  volume={51},
  number={12},
  pages={6269--6284},
  year={2007},
  publisher={Elsevier}
}

@article{loy2021bringing,
  title={Bringing visual inference to the classroom},
  author={Loy, Adam},
  journal={Journal of Statistics and Data Science Education},
  volume={29},
  number={2},
  pages={171--182},
  year={2021},
  publisher={Taylor \& Francis}
}

@article{hofmann2017value,
  title={value plots: Boxplots for large data},
  author={Hofmann, Heike and Wickham, Hadley and Kafadar, Karen},
  journal={Journal of Computational and Graphical Statistics},
  volume={26},
  number={3},
  pages={469--477},
  year={2017},
  publisher={Taylor \& Francis}
}

@article{olvera2019relationship,
  title={The relationship between statistical power and predictor distribution in multilevel logistic regression: a simulation-based approach},
  author={Olvera Astivia, Oscar L and Gadermann, Anne and Guhn, Martin},
  journal={BMC Medical Research Methodology},
  volume={19},
  number={1},
  pages={1--20},
  year={2019},
  publisher={BioMed Central}
}

@book{zhang2018practical,
  title={Practical statistical power analysis using Webpower and R},
  author={Zhang, Zhiyong and Yuan, Ke-Hai},
  year={2018},
  publisher={Isdsa Press}
}

@article{frisch1933partial,
  title={Partial time regressions as compared with individual trends},
  author={Frisch, Ragnar and Waugh, Frederick V},
  journal={Econometrica: Journal of the Econometric Society},
  pages={387--401},
  year={1933},
  publisher={JSTOR}
}

@article{kirk1996practical,
  title={Practical significance: A concept whose time has come},
  author={Kirk, Roger E},
  journal={Educational and psychological measurement},
  volume={56},
  number={5},
  pages={746--759},
  year={1996},
  publisher={Sage Publications Sage CA: Thousand Oaks, CA}
}

@book{kahneman2011thinking,
  title={Thinking, fast and slow},
  author={Kahneman, Daniel},
  year={2011},
  publisher={macmillan}
}

@article{kimball1957errors,
  title={Errors of the third kind in statistical consulting},
  author={Kimball, AW},
  journal={Journal of the American Statistical Association},
  volume={52},
  number={278},
  pages={133--142},
  year={1957},
  publisher={Taylor \& Francis}
}

@article{bujastatistical2009,
	title = {Statistical inference for exploratory data analysis and model diagnostics},
	volume = {367},
	doi = {10.1098/rsta.2009.0120},
	number = {1906},
	journal = {Philosophical Transactions of the Royal Society A: Mathematical, Physical and Engineering Sciences},
	author = {Buja, Andreas and Cook, Dianne and Hofmann, Heike and Lawrence, Michael and Lee, Eun-Kyung and Swayne, Deborah F. and Wickham, Hadley},
	year = {2009},
	pages = {4361--4383}
}

@article{majumdervalidation2013,
	title = {Validation of visual statistical inference, applied to linear models},
	volume = {108},
	issn = {0162-1459},
	doi = {10.1080/01621459.2013.808157},
	number = {503},
	journal = {Journal of the American Statistical Association},
	author = {Majumder, Mahbubul and Hofmann, Heike and Cook, Dianne},
	year = {2013},
	pages = {942--956}
}

@article{RNAseq2013,
  author={Tengfei Yin and Mahbubul Majumder and Niladri {Roy Chowdhury} and Dianne Cook and Randy Shoemaker and Michelle Graham},
  year=2013,
  title={Visual Mining Methods for RNA-Seq Data: Data Structure, Dispersion Estimation and Significance Testing},
  journal={Journal of Data Mining in Genomics and Proteomics},
  volume=4,
  number=139,
  DOI={10.4172/2153-0602.1000139}
}

@ARTICLE{VanderPlas2015,
  author={VanderPlas, Susan and Hofmann, Heike},
  journal={IEEE Transactions on Visualization and Computer Graphics},
  title={Spatial Reasoning and Data Displays},
  year={2016},
  volume={22},
  number={1},
  pages={459-468},
  doi={10.1109/TVCG.2015.2469125}
}

@ARTICLE{wickham2010,
  author={Wickham, Hadley and Cook, Dianne and Hofmann, Heike and Buja, Andreas},
  journal={IEEE Transactions on Visualization and Computer Graphics},
  title={Graphical inference for infovis},
  year={2010},
  volume={16},
  number={6},
  pages={973-979},
  doi={10.1109/TVCG.2010.161}
}


@article{roychowdhuryUsingVisualStatistical2015a,
  title = {Using Visual Statistical Inference to Better Understand Random Class Separations in High Dimension, Low Sample Size Data},
  author = {Roy Chowdhury, Niladri and Cook, Dianne and Hofmann, Heike and Majumder, Mahbubul and Lee, Eun-Kyung and Toth, Amy L.},
  year = {2015},
  month = jun,
  journal = {Computational Statistics},
  volume = {30},
  number = {2},
  pages = {293--316},
  issn = {0943-4062, 1613-9658},
  doi = {10.1007/s00180-014-0534-x},
  urldate = {2023-09-18},
  abstract = {Statistical graphics play an important role in exploratory data analysis, model checking and diagnosis. With high dimensional data, this often means plotting low-dimensional projections, for example, in classification tasks projection pursuit is used to find low-dimensional projections that reveal differences between labelled groups. In many contemporary data sets the number of observations is relatively small compared to the number of variables, which is known as a high dimension low sample size (HDLSS) problem. This paper explores the use of visual inference on understanding low-dimensional pictures of HDLSS data. Visual inference helps to quantify the significance of findings made from graphics. This approach may be helpful to broaden the understanding of issues related to HDLSS data in the data analysis community.},
  langid = {english}
}


@article{mahbubulmajumderVisualMiningMethods2013,
  title = {Visual {{Mining Methods}} for {{RNA-Seq Data}}: {{Data Structure}}, {{Dispersion Estimation}} and {{Significance Testing}}},
  shorttitle = {Visual {{Mining Methods}} for {{RNA-Seq Data}}},
  author = {Mahbubul Majumder, Tengfei Yin},
  year = {2013},
  journal = {Journal of Data Mining in Genomics \& Proteomics},
  volume = {04},
  number = {04},
  issn = {21530602},
  doi = {10.4172/2153-0602.1000139},
  urldate = {2023-09-18},
  abstract = {In an analysis of RNA-Seq data from soybeans, initial significance testing using one software package produced very different gene lists from those yielded by another. How can this happen? This paper demonstrates how the disparities between the results were investigated, and can be explained. This type of contradiction can occur more generally in high-throughput analyses. To explore the model fitting and hypothesis testing, we implemented an interactive graphic that allows the exploration of the effect of dispersion estimation on the overall estimation of variance and differential expression tests. In addition, we propose a new procedure to test for the presence of any structure in biological data.},
  langid = {english},
  keywords = {visual inference}
}



@Article{tidyverse,
    title = {Welcome to the {tidyverse}},
    author = {Hadley Wickham and Mara Averick and Jennifer Bryan and Winston Chang and Lucy D'Agostino McGowan and Romain FranÃ§ois and Garrett Grolemund and Alex Hayes and Lionel Henry and Jim Hester and Max Kuhn and Thomas Lin Pedersen and Evan Miller and Stephan Milton Bache and Kirill MÃ¼ller and Jeroen Ooms and David Robinson and Dana Paige Seidel and Vitalie Spinu and Kohske Takahashi and Davis Vaughan and Claus Wilke and Kara Woo and Hiroaki Yutani},
    year = {2019},
    journal = {Journal of Open Source Software},
    volume = {4},
    number = {43},
    pages = {1686},
    doi = {10.21105/joss.01686},
  }

@article{li2024plot,
  title={A plot is worth a thousand tests: Assessing residual diagnostics with the lineup protocol},
  author={Li, Weihao and Cook, Dianne and Tanaka, Emi and VanderPlas, Susan},
  journal={Journal of Computational and Graphical Statistics},
  pages={1--19},
  year={2024},
  publisher={Taylor \& Francis}
}

@article{widen2016graphical,
  title={Graphical inference in geographical research},
  author={Widen, Holly M and Elsner, James B and Pau, Stephanie and Uejio, Christopher K},
  journal={Geographical Analysis},
  volume={48},
  number={2},
  pages={115--131},
  year={2016},
  publisher={Wiley Online Library}
}

@article{krishnan2021hierarchical,
  title={Hierarchical Decision Ensembles-An inferential framework for uncertain Human-AI collaboration in forensic examinations},
  author={Krishnan, Ganesh and Hofmann, Heike},
  journal={arXiv preprint arXiv:2111.01131},
  year={2021}
}

@inproceedings{tukey1985computer,
  title={Computer graphics and exploratory data analysis: An introduction},
  author={Tukey, John W and Tukey, Paul A},
  booktitle={Proceedings of the sixth annual conference and exposition: computer graphics},
  volume={85},
  number={3},
  pages={773--785},
  year={1985}
}

@inproceedings{wilkinson2005graph,
  title={Graph-theoretic scagnostics},
  author={Wilkinson, Leland and Anand, Anushka and Grossman, Robert},
  booktitle={Information Visualization, IEEE Symposium on},
  pages={21--21},
  year={2005},
  organization={IEEE Computer Society}
}

@article{fukushima1982neocognitron,
  title={Neocognitron: A new algorithm for pattern recognition tolerant of deformations and shifts in position},
  author={Fukushima, Kunihiko and Miyake, Sei},
  journal={Pattern recognition},
  volume={15},
  number={6},
  pages={455--469},
  year={1982},
  publisher={Elsevier}
}

@article{rawat2017deep,
  title={Deep convolutional neural networks for image classification: A comprehensive review},
  author={Rawat, Waseem and Wang, Zenghui},
  journal={Neural computation},
  volume={29},
  number={9},
  pages={2352--2449},
  year={2017},
  publisher={MIT Press}
}

@article{lee2015image,
  title={Image based computer aided diagnosis system for cancer detection},
  author={Lee, Howard and Chen, Yi-Ping Phoebe},
  journal={Expert Systems with Applications},
  volume={42},
  number={12},
  pages={5356--5365},
  year={2015},
  publisher={Elsevier}
}

@article{brunetti2018computer,
  title={Computer vision and deep learning techniques for pedestrian detection and tracking: A survey},
  author={Brunetti, Antonio and Buongiorno, Domenico and Trotta, Gianpaolo Francesco and Bevilacqua, Vitoantonio},
  journal={Neurocomputing},
  volume={300},
  pages={17--33},
  year={2018},
  publisher={Elsevier}
}

@article{emami2012facial,
  title={Facial recognition using OpenCV},
  author={Emami, Shervin and Suciu, Valentin Petrut},
  journal={Journal of Mobile, Embedded and Distributed Systems},
  volume={4},
  number={1},
  pages={38--43},
  year={2012}
}

@inproceedings{ojeda2020multivariate,
  title={Multivariate time series imaging for short-term precipitation forecasting using convolutional neural networks},
  author={Ojeda, Sun Arthur A and Solano, Geoffrey A and Peramo, Elmer C},
  booktitle={2020 International Conference on Artificial Intelligence in Information and Communication (ICAIIC)},
  pages={33--38},
  year={2020},
  organization={IEEE}
}

@article{chu2019automatic,
  title={An automatic classification method of well testing plot based on convolutional neural network (CNN)},
  author={Chu, Hongyang and Liao, Xinwei and Dong, Peng and Chen, Zhiming and Zhao, Xiaoliang and Zou, Jiandong},
  journal={Energies},
  volume={12},
  number={15},
  pages={2846},
  year={2019},
  publisher={MDPI}
}

@article{hailesilassie2019financial,
  title={Financial Market Prediction Using Recurrence Plot and Convolutional Neural Network},
  author={Hailesilassie, Tameru},
  year={2019},
  publisher={Preprints}
}

@inproceedings{hatami2018classification,
  title={Classification of time-series images using deep convolutional neural networks},
  author={Hatami, Nima and Gavet, Yann and Debayle, Johan},
  booktitle={Tenth international conference on machine vision (ICMV 2017)},
  volume={10696},
  pages={242--249},
  year={2018},
  organization={SPIE}
}

@article{zhang2020encoding,
  title={Encoding time series as multi-scale signed recurrence plots for classification using fully convolutional networks},
  author={Zhang, Ye and Hou, Yi and Zhou, Shilin and Ouyang, Kewei},
  journal={Sensors},
  volume={20},
  number={14},
  pages={3818},
  year={2020},
  publisher={MDPI}
}

@article{chen2020convolutional,
  title={Convolutional neural network analysis of recurrence plots for anomaly detection},
  author={Chen, Yun and Su, Shijie and Yang, Hui},
  journal={International Journal of Bifurcation and Chaos},
  volume={30},
  number={01},
  pages={2050002},
  year={2020},
  publisher={World Scientific}
}

@article{singh2017deep,
  title={Deep convolutional neural networks for pairwise causality},
  author={Singh, Karamjit and Gupta, Garima and Vig, Lovekesh and Shroff, Gautam and Agarwal, Puneet},
  journal={arXiv preprint arXiv:1701.00597},
  year={2017}
}

@article{chowdhury2018measuring,
  title={Measuring lineup difficulty by matching distance metrics with subject choices in crowd-sourced data},
  author={Chowdhury, Niladri Roy and Cook, Dianne and Hofmann, Heike and Majumder, Mahbubul},
  journal={Journal of Computational and Graphical Statistics},
  volume={27},
  number={1},
  pages={132--145},
  year={2018},
  publisher={Taylor \& Francis}
}

@article{wang2004image,
  title={Image quality assessment: from error visibility to structural similarity},
  author={Wang, Zhou and Bovik, Alan C and Sheikh, Hamid R and Simoncelli, Eero P},
  journal={IEEE transactions on image processing},
  volume={13},
  number={4},
  pages={600--612},
  year={2004},
  publisher={IEEE}
}

@book{silverman2018density,
  title={Density estimation for statistics and data analysis},
  author={Silverman, Bernard W},
  year={2018},
  publisher={Routledge}
}

@inproceedings{chopra2005learning,
  title={Learning a similarity metric discriminatively, with application to face verification},
  author={Chopra, Sumit and Hadsell, Raia and LeCun, Yann},
  booktitle={2005 IEEE computer society conference on computer vision and pattern recognition (CVPR'05)},
  volume={1},
  pages={539--546},
  year={2005},
  organization={IEEE}
}

@article{abadi2016tensorflow,
  title={Tensorflow: Large-scale machine learning on heterogeneous distributed systems},
  author={Abadi, Mart{\'\i}n and Agarwal, Ashish and Barham, Paul and Brevdo, Eugene and Chen, Zhifeng and Citro, Craig and Corrado, Greg S and Davis, Andy and Dean, Jeffrey and Devin, Matthieu and others},
  journal={arXiv preprint arXiv:1603.04467},
  year={2016}
}

@article{simonyan2014very,
  title={Very deep convolutional networks for large-scale image recognition},
  author={Simonyan, Karen and Zisserman, Andrew},
  journal={arXiv preprint arXiv:1409.1556},
  year={2014}
}

@article{hyndman1996sample,
  title={Sample quantiles in statistical packages},
  author={Hyndman, Rob J and Fan, Yanan},
  journal={The American Statistician},
  volume={50},
  number={4},
  pages={361--365},
  year={1996},
  publisher={Taylor \& Francis}
}

@article{langsrud2005rotation,
  title={Rotation tests},
  author={Langsrud, {\O}yvind},
  journal={Statistics and computing},
  volume={15},
  pages={53--60},
  year={2005},
  publisher={Springer}
}

@inproceedings{vo2016localizing,
  title={Localizing and orienting street views using overhead imagery},
  author={Vo, Nam N and Hays, James},
  booktitle={Computer Vision--ECCV 2016: 14th European Conference, Amsterdam, The Netherlands, October 11--14, 2016, Proceedings, Part I 14},
  pages={494--509},
  year={2016},
  organization={Springer}
}

@Manual{mason2022cassowaryr,
  title = {cassowaryr: Compute Scagnostics on Pairs of Numeric Variables in a Data Set},
  author = {Harriet Mason and Stuart Lee and Ursula Laa and Dianne Cook},
  year = {2022},
  note = {R package version 2.0.0},
  url = {https://CRAN.R-project.org/package=cassowary},
}

@Manual{Albrecht2023interp,
    title = {interp: Interpolation Methods},
    author = {Albrecht Gebhardt and Roger Bivand and David Sinclair},
    year = {2023},
    note = {R package version 1.1-5},
    url = {https://CRAN.R-project.org/package=interp},
  }

@misc{omalley2019kerastuner,
	title        = {Keras {Tuner}},
	author       = {O'Malley, Tom and Bursztein, Elie and Long, James and Chollet, Fran\c{c}ois and Jin, Haifeng and Invernizzi, Luca and others},
	year         = 2019,
	howpublished = {\url{https://github.com/keras-team/keras-tuner}}
}

@misc{chollet2015keras,
  title={Keras},
  author={Chollet, Fran\c{c}ois and others},
  year={2015},
  howpublished={\url{https://keras.io}},
}

@incollection{hastie2017generalized,
  title={Generalized additive models},
  author={Hastie, Trevor J},
  booktitle={Statistical models in S},
  pages={249--307},
  year={2017},
  publisher={Routledge}
}

@Manual{Terry2022rpart,
    title = {rpart: Recursive Partitioning and Regression Trees},
    author = {Terry Therneau and Beth Atkinson},
    year = {2022},
    note = {R package version 4.1.19},
    url = {https://CRAN.R-project.org/package=rpart},
  }

@article{harrison1978hedonic,
  title={Hedonic housing prices and the demand for clean air},
  author={Harrison Jr, David and Rubinfeld, Daniel L},
  journal={Journal of environmental economics and management},
  volume={5},
  number={1},
  pages={81--102},
  year={1978},
  publisher={Elsevier}
}

@book{goodfellow2016deep,
  title={Deep learning},
  author={Goodfellow, Ian and Bengio, Yoshua and Courville, Aaron},
  year={2016},
  publisher={MIT press}
}

@inproceedings{nair2010rectified,
  title={Rectified linear units improve restricted boltzmann machines},
  author={Nair, Vinod and Hinton, Geoffrey E},
  booktitle={Proceedings of the 27th international conference on machine learning (ICML-10)},
  pages={807--814},
  year={2010}
}

@article{goscinski2014multi,
  title={The multi-modal Australian ScienceS Imaging and Visualization Environment (MASSIVE) high performance computing infrastructure: applications in neuroscience and neuroinformatics research},
  author={Goscinski, Wojtek J and McIntosh, Paul and Felzmann, Ulrich and Maksimenko, Anton and Hall, Christopher J and Gureyev, Timur and Thompson, Darren and Janke, Andrew and Galloway, Graham and Killeen, Neil EB and others},
  journal={Frontiers in Neuroinformatics},
  volume={8},
  pages={30},
  year={2014},
  publisher={Frontiers Media SA}
}

@Misc{bandicoot,
    author = {Weihao Li},
    title = {bandicoot: Light-Weight Python-Like Object-Oriented System},
    year = {2024},
    url = {https://CRAN.R-project.org/package=bandicoot}
  }

@Manual{ggpcp,
    title = {ggpcp: Parallel Coordinate Plots in the 'ggplot2' Framework},
    author = {Heike Hofmann and Susan VanderPlas and Yawei Ge},
    year = {2022},
    note = {R package version 0.2.0},
    url = {https://CRAN.R-project.org/package=ggpcp}
  }

@Manual{keras,
    title = {keras: R Interface to 'Keras'},
    author = {JJ Allaire and FranÃ§ois Chollet},
    year = {2023},
    note = {R package version 2.13.0},
    url = {https://CRAN.R-project.org/package=keras}
  }

@book{chollet2021deep,
  title={Deep learning with Python},
  author={Chollet, Francois},
  year={2021},
  publisher={Simon and Schuster}
}

@article{fieberg2024using,
  title={Using lineups to evaluate goodness of fit of animal movement models},
  author={Fieberg, John and Freeman, Smith and Signer, Johannes},
  journal={Methods in Ecology and Evolution},
  year={2024},
  publisher={Wiley Online Library}
}

@Manual{stats,
    title = {R: A Language and Environment for Statistical Computing},
    author = {{R Core Team}},
    organization = {R Foundation for Statistical Computing},
    address = {Vienna, Austria},
    year = {2022},
    url = {https://www.R-project.org/}
  }

@Manual{jtools,
    title = {jtools: Analysis and Presentation of Social Scientific Data},
    author = {Jacob A. Long},
    year = {2022},
    note = {R package version 2.2.0},
    url = {https://cran.r-project.org/package=jtools}
  }

@book{davison1997bootstrap,
  title={Bootstrap methods and their application},
  author={Davison, Anthony Christopher and Hinkley, David Victor},
  number={1},
  year={1997},
  publisher={Cambridge university press}
}

@book{efron1994introduction,
  title={An introduction to the bootstrap},
  author={Efron, Bradley and Tibshirani, Robert J},
  year={1994},
  publisher={Chapman and Hall/CRC}
}

@article{kingma2014adam,
  title={Adam: A method for stochastic optimization},
  author={Kingma, Diederik P and Ba, Jimmy},
  journal={arXiv preprint arXiv:1412.6980},
  year={2014}
}

@article{srivastava2014dropout,
  title={Dropout: a simple way to prevent neural networks from overfitting},
  author={Srivastava, Nitish and Hinton, Geoffrey and Krizhevsky, Alex and Sutskever, Ilya and Salakhutdinov, Ruslan},
  journal={The journal of machine learning research},
  volume={15},
  number={1},
  pages={1929--1958},
  year={2014},
  publisher={JMLR. org}
}

@Manual{datasaurus,
    title = {datasauRus: Datasets from the Datasaurus Dozen},
    author = {Rhian Davies and Steph Locke and Lucy {D'Agostino McGowan}},
    year = {2022},
    note = {R package version 0.1.6},
    url = {https://CRAN.R-project.org/package=datasauRus}
  }

@article{clark2015pillow,
  title={Pillow (pil fork) documentation},
  author={Clark, Alex and others},
  journal={readthedocs},
  year={2015}
}

@Manual{reticulate,
    title = {reticulate: Interface to 'Python'},
    author = {Kevin Ushey and JJ Allaire and Yuan Tang},
    year = {2024},
    note = {R package version 1.35.0},
    url = {https://CRAN.R-project.org/package=reticulate}
  }

@article{hornik2012comprehensive,
  title={The comprehensive R archive network},
  author={Hornik, Kurt},
  journal={Wiley interdisciplinary reviews: Computational statistics},
  volume={4},
  number={4},
  pages={394--398},
  year={2012},
  publisher={Wiley Online Library}
}

@Manual{olsrr,
  title = {olsrr: Tools for Building OLS Regression Models},
  author = {Aravind Hebbali},
  year = {2024},
  note = {R package version 0.6.0},
  url = {https://CRAN.R-project.org/package=olsrr}
}

@Manual{rockchalk,
  title = {rockchalk: Regression Estimation and Presentation},
  author = {Paul E. Johnson},
  year = {2022},
  note = {R package version 1.8.157},
  url = {https://CRAN.R-project.org/package=rockchalk}
}

@Manual{ggresidpanel,
  title = {ggResidpanel: Panels and Interactive Versions of Diagnostic Plots using
'ggplot2'},
  author = {Katherine Goode and Kathleen Rey},
  year = {2019},
  note = {R package version 0.3.0},
  url = {https://CRAN.R-project.org/package=ggResidpanel}
}

 @Manual{dharma,
    title = {DHARMa: Residual Diagnostics for Hierarchical (Multi-Level / Mixed)
Regression Models},
    author = {Florian Hartig},
    year = {2022},
    note = {R package version 0.4.6},
    url = {https://CRAN.R-project.org/package=DHARMa}
  }

@Manual{nullabor,
  title = {nullabor: Tools for Graphical Inference},
  author = {Hadley Wickham and Niladri Roy Chowdhury and Di Cook and Heike Hofmann},
  year = {2020},
  note = {R package version 0.3.9},
  url = {https://CRAN.R-project.org/package=nullabor}
}


@Manual{regressinator,
  title = {regressinator: Simulate and Diagnose (Generalized) Linear Models},
  author = {Alex Reinhart},
  year = {2024},
  note = {R package version 0.2.0},
  url = {https://CRAN.R-project.org/package=regressinator}
}

@Manual{r6,
  title = {R6: Encapsulated Classes with Reference Semantics},
  author = {Winston Chang},
  year = {2021},
  note = {R package version 2.5.1},
  url = {https://CRAN.R-project.org/package=R6}
}

@article{harris2020array,
  title={Array programming with NumPy},
  author={Harris, Charles R and Millman, K Jarrod and Van Der Walt, St{\'e}fan J and Gommers, Ralf and Virtanen, Pauli and Cournapeau, David and Wieser, Eric and Taylor, Julian and Berg, Sebastian and Smith, Nathaniel J and others},
  journal={Nature},
  volume={585},
  number={7825},
  pages={357--362},
  year={2020},
  publisher={Nature Publishing Group UK London}
}

@Manual{webr,
  title = {webr: Data and Functions for Web-Based Analysis},
  author = {Keon-Woong Moon},
  year = {2020},
  note = {R package version 0.1.5},
  url = {https://CRAN.R-project.org/package=webr},
}

@Manual{shiny,
  title = {shiny: Web Application Framework for R},
  author = {Winston Chang and Joe Cheng and JJ Allaire and Carson Sievert and Barret Schloerke and Yihui Xie and Jeff Allen and Jonathan McPherson and Alan Dipert and Barbara Borges},
  year = {2022},
  note = {R package version 1.7.3},
  url = {https://CRAN.R-project.org/package=shiny},
}

@Manual{shinydashboard,
  title = {shinydashboard: Create Dashboards with 'Shiny'},
  author = {Winston Chang and Barbara {Borges Ribeiro}},
  year = {2021},
  note = {R package version 0.7.2},
  url = {https://CRAN.R-project.org/package=shinydashboard},
}

@Manual{splancs,
  title = {splancs: Spatial and Space-Time Point Pattern Analysis},
  author = {Barry Rowlingson and Peter Diggle},
  year = {2023},
  note = {R package version 2.01-44},
  url = {https://CRAN.R-project.org/package=splancs},
}

@Manual{htmltools,
  title = {htmltools: Tools for HTML},
  author = {Joe Cheng and Carson Sievert and Barret Schloerke and Winston Chang and Yihui Xie and Jeff Allen},
  year = {2024},
  note = {R package version 0.5.8},
  url = {https://CRAN.R-project.org/package=htmltools},
}

@Manual{shinycssloaders,
  title = {shinycssloaders: Add Loading Animations to a 'shiny' Output While It's
Recalculating},
  author = {Andras Sali and Dean Attali},
  year = {2020},
  note = {R package version 1.0.0},
  url = {https://CRAN.R-project.org/package=shinycssloaders},
}

@Manual{dt,
  title = {DT: A Wrapper of the JavaScript Library 'DataTables'},
  author = {Yihui Xie and Joe Cheng and Xianying Tan},
  year = {2024},
  note = {R package version 0.32},
  url = {https://CRAN.R-project.org/package=DT},
}

@Manual{ecostats,
  title = {ecostats: Code and Data Accompanying the Eco-Stats Text (Warton 2022)},
  author = {David Warton},
  year = {2024},
   note = {R package version 1.2.1},
  url = {https://CRAN.R-project.org/package=ecostats},
}

@article{dunn1996randomized,
  title={Randomized quantile residuals},
  author={Dunn, Peter K and Smyth, Gordon K},
  journal={Journal of Computational and graphical statistics},
  volume={5},
  number={3},
  pages={236--244},
  year={1996},
  publisher={Taylor \& Francis}
}

@inproceedings{he2016deep,
  title={Deep residual learning for image recognition},
  author={He, Kaiming and Zhang, Xiangyu and Ren, Shaoqing and Sun, Jian},
  booktitle={Proceedings of the IEEE conference on computer vision and pattern recognition},
  pages={770--778},
  year={2016}
}

@inproceedings{huang2017densely,
  title={Densely connected convolutional networks},
  author={Huang, Gao and Liu, Zhuang and Van Der Maaten, Laurens and Weinberger, Kilian Q},
  booktitle={Proceedings of the IEEE conference on computer vision and pattern recognition},
  pages={4700--4708},
  year={2017}
}
