@article{mansfield1987diagnostic,
  title={Diagnostic value of residual and partial residual plots},
  author={Mansfield, Edward R and Conerly, Michael D},
  journal={The American Statistician},
  volume={41},
  number={2},
  pages={107--116},
  year={1987},
  publisher={Taylor \& Francis}
}

@book{cook1982residuals,
  title={Residuals and influence in regression},
  author={Cook, R Dennis and Weisberg, Sanford},
  year={1982},
  publisher={New York: Chapman and Hall}
}

@book{gunst2018regression,
  title={Regression analysis and its application: a data-oriented approach},
  author={Gunst, Richard F and Mason, Robert L},
  year={2018},
  publisher={CRC Press}
}

@article{cleveland1975graphical,
  title={A graphical technique for enhancing scatterplots with moving statistics},
  author={Cleveland, William S and Kleiner, Beat},
  journal={Technometrics},
  volume={17},
  number={4},
  pages={447--454},
  year={1975},
  publisher={Taylor \& Francis}
}
